
@electronic{hip,
	author = "Intersil",
	title		= "HIP4086, HIP4086A: 80V, 500mA, 3-Phase MOSFET Driver",
	organization	= "Intersil",
	year		= "2015",
	month		= "March",
    url = "https://www.intersil.com/content/dam/Intersil/documents/hip4/hip4086-a.pdf",
}
@electronic{irf,
	author = "{Vishay Intertechnology}",
	title		= "IRF540, SiHF540: Power MOSFET",
	organization	= "Vishay Intertechnology",
	year		= "2011",
	month		= "March",
    url = "http://www.vishay.com/docs/91021/91021.pdf",
}